@InProceedings{Tutte60,
author = {W. T. Tutte},
title = {Convex representations of graphs},
booktitle = {Proceedings of the London Mathematical Society},
pages = {304--320},
year = {1960},
volume = {10}
}


@InProceedings{Kobbelt05,
author = {Mario Botsch and David Bommes and Leif Kobbelt},
title = {Efficient Linear System Solvers for Mesh Processing},
booktitle = {Invited paper at XIth IMA Conference on the Mathematics of Surfaces},
year = {2005}
}

@InProceedings{Tutte63,
author = {W. T. Tutte},
title = {How to draw a graph},
booktitle = {Proceedings of the London Mathematical Society},
pages = {743--767},
year = {1963},
volume = {13}
}

@Article{Desbrun02,
  author = {M. Desbrun and M. Meyer and P. Alliez},
  title = {Intrinsic Parameterizations of Surface Meshes},
  journal = {Computer Graphics Forum},
  volume = {21},
  pages = {209--218},
  year = {2002},
  note = {Eurographics conference proceedings}
}

@article{ pinkall93computing,
    author = {U. Pinkall and K. Polthier},
    title = {Computing Discrete Minimal Surfaces and Their Conjugates},
    journal = {Experimental Mathematics},
    volume = {2},
    number = {1},
    pages = {15--36},
    year = {1993}
}

@InCollection{Floater:2005:SPA,
author = {M. S. Floater and K. Hormann},
title = {Surface Parameterization: a Tutorial and Survey},
booktitle = {Advances in Multiresolution for Geometric Modelling},
pages = {157--186},
publisher = {Springer},
year = 2005,
editor = {N. A. Dodgson and M. S. Floater and M. A. Sabin},
series = {Mathematics and Visualization},
address = {Berlin, Heidelberg},
}

@article{Sheffer06:Survey,
 author = {A. Sheffer and E. Praun and K. Rose},
 title = {Mesh parameterization methods and their applications},
 journal = {Foundations and Trends in Computer Graphics and Vision},
 volume = {2},
 number = {2},
 year = {2006},
 issn = {1572-2740},
 pages = {105--171},
 doi = {http://dx.doi.org/10.1561/0600000011},
 publisher = {Now Publishers Inc.},
 address = {Hanover, MA, USA},
 }

@InProceedings{Hormann:2007:MPT,
author = {K. Hormann and B. L{\'e}vy and A. Sheffer},
title = {Mesh Parameterization: Theory and Practice},
booktitle = {SIGGRAPH 2007 Course Notes},
volume = 2,
year = 2007,
pages = {1--122},
address = {San Diego, CA},
month = {August},
publisher = {ACM Press}
}

@article{Gu04,
 author = {X. Gu and Y. Wang and T. F. Chan and P. M. Thompson and S-T. Yau},
 title = {Genus Zero Surface Conformal Mapping and Its Application to Brain Surface Mapping},
 journal = {IEEE Transaction on Medical Imaging},
 volume = {23},
 number = {8},
 year = {2004},
 issn = {1572-2740},
 pages = {949--958},
 doi = {},
 publisher = {},
 address = {},
 }

@InProceedings{Gu06,
 author = {W. Hong and X. Gu and F. Qiu and M. Jin and A. Kaufman},
 title = {Conformal Virtual Colon Flattening},
booktitle = {Solid and Physics Modeling},
 volume = {},
 number = {},
 year = {2006},
 issn = {},
 pages = {},
 doi = {},
 publisher = {},
 address = {},
 }

@article{Yu07,
 author = {Yu P and Grant P and Qi Y and Han X and Ségonne F and Pienaar R and Busa E and Pacheco J and Makris N and Buckner R and Golland P and Fischl B.},
 title = {Cortical surface shape analysis based on spherical wavelets},
 journal = {IEEE Transaction on Medical Imaging},
 volume = {26},
 number = {4},
 year = {2007},
 issn = {},
 pages = {582--597},
 doi = {},
 publisher = {},
 address = {},
 }

@InProceedings{Haker00a,
 title = {Nondistorting Flattening for Virtual Colonoscopy},
 author = {S Haker and S Angenent and A Tannenbaum and R Kikinis},
 year = {2000},
 booktitle = {the 3rd International Conference on Medical Image Computing and Computer-Assisted Intervention},
 pages = {358--366}
 }

@InProceedings{Haker00b,
 title = {Conformal Surface Parameterization for Texture Mapping},
 author = {S Haker; S Angenent; A Tannenbaum; R Kikinis; G Sapiro; M Halle},
 year = {2000},
 booktitle = {IEEE Transaction on Visualization and Computer Graphics},
 pages = {181--189}
 }
	
@InProceedings{Angenent99,
 title = {Conformal Geometry and Brain Flattening},
 author = {S Angenent and S Haker and A Tannenbaum and R Kikinis},
 year = {1999},
 booktitle = {the 2nd International Conference on Medical Image Computing and Computer-Assisted Intervention},
 pages = {271--278}
 }
 
@InProceedings{Gao06,
 title = {Conformal Flattening ITK Filter},	
 author = {Y Gao and J Melonakos and A Tannenbaum},
 year = {2006},
 booktitle = {Insight Journal - 2006 MICCAI Open Science Workshop}
 }
 
@InProceedings{itkQE,
 title = {itkQuadEdgeMesh: A Discrete Orientable 2-Manifold Data Structure for Image Processing},	
 author = {A Gouaillard and L Florez-Valencia and E Boix},
 year = {2006},
 booktitle = {Insight Journal - July - december}
 }  